@inproceedings{		fiberbyte,
	key =			{USB-SYNC},
	author =		{Foster, P. and Kouznetsov, A. and Vlasenko, N. and Walker, C.},
	title =			{{Sub-nanosecond Distributed Synchronisation via the Universal Serial Bus}},
	booktitle =		{{Precision Clock Synchronization for Measurement, Control and Communication (ISPCS) 2007}},
	year =			2007,
	month =			oct,
	pages =			{44--49},
	doi =			{10.1109/ISPCS.2007.4383772},
	organization =	{IEEE},
}
